@book{Blanchette2006,
    title = {{A Brief History of Qt}},
    year = {2006},
    booktitle = {C++ GUI Programming with Qt 4},
    author = {Blanchette, Jasmin and Summerfield, Mark},
    publisher = {Prentice-Hall},
    url = {http://safari.oreilly.com/0131872494/pref04}
}

@article{Bodlaender1993,
    title = {{A linear time algorithm for finding tree-decompositions of small treewidth}},
    year = {1993},
    journal = {Proceedings of the twenty-fifth annual ACM symposium {\ldots}},
    author = {Bodlaender, HL},
    url = {http://dl.acm.org/citation.cfm?id=167161}
}

@article{Russell1995,
    title = {{A modern approach}},
    year = {1995},
    journal = {Artificial Intelligence. Prentice-Hall,  {\ldots}},
    author = {Russell, S and Norvig, P and Intelligence, A},
    url = {http://citeseerx.ist.psu.edu/viewdoc/download?doi=10.1.1.259.8854{\&}rep=rep1{\&}type=pdf}
}

@article{friggeri:2011:inria-00597448:1,
    title = {{A Real-World Spreading Experiment in the Blogosphere}},
    year = {2011},
    journal = {Complex Systems},
    author = {Friggeri, Adrien and Cointet, Jean-Philippe and Latapy Matthieu, Matthieu},
    number = {3},
    volume = {19},
    publisher = {Complex Systems Publications, Inc.},
    url = {http://hal.inria.fr/inria-00597448}
}

@misc{Heat2016,
    title = {{Amazon, robots and the near-future rise of the automated warehouse}},
    year = {2016},
    author = {Heat, Heath},
    url = {http://www.techrepublic.com/article/amazon-robots-and-the-near-future-rise-of-the-automated-warehouse/}
}

@article{Migliore1990,
    title = {{An algorithm to find all paths between two nodes in a graph}},
    year = {1990},
    journal = {Journal of Computational Physics},
    author = {Migliore, M and Martorana, V and Sciortino, F},
    url = {http://www.sciencedirect.com/science/article/pii/002199919090235S}
}

@article{Memon2007,
    title = {{An event-flow model of GUI-based applications for testing}},
    year = {2007},
    journal = {Software Testing, Verification and Reliability},
    author = {Memon, Atif M.},
    number = {3},
    month = {9},
    pages = {137--157},
    volume = {17},
    url = {http://doi.wiley.com/10.1002/stvr.364},
    doi = {10.1002/stvr.364},
    issn = {09600833}
}

@misc{Manning2009,
    title = {{An Introduction to Information Retrieval}},
    year = {2009},
    booktitle = {Online},
    author = {Manning, Christopher D. and Raghavan, Prabhakar},
    editor = {Salas, A Cannon-Bowers E},
    chapter = {Boolean Re},
    pages = {1},
    publisher = {Cambridge University Press},
    url = {http://dspace.cusat.ac.in/dspace/handle/123456789/2538},
    institution = {Cambridge University Press Cambridge, England},
    isbn = {0521865719},
    doi = {10.1109/LPT.2009.2020494},
    issn = {13864564},
    pmid = {10575050},
    arxivId = {0521865719 9780521865715},
    keywords = {keyword}
}

@article{Hoffmann2011,
    title = {{Analyzing search topology without running any search: On the connection between causal graphs and h+}},
    year = {2011},
    journal = {Journal of Artificial Intelligence Research},
    author = {Hoffmann, J},
    url = {http://www.jair.org/papers/paper3276.html}
}

@inproceedings{friggeri:2010:inria-00475921:1,
    title = {{Biais dans les mesures obtenues par un r{\{}{\'{e}}{\}}seau de capteurs sans fil}},
    year = {2010},
    booktitle = {12{\{}{\`{e}}{\}}mes Rencontres Francophones sur les Aspects Algorithmiques de T{\{}{\'{e}}{\}}l{\{}{\'{e}}{\}}communications (AlgoTel)},
    author = {Friggeri, Adrien and Chelius, Guillaume},
    editor = {Potop-Butucaru, Maria Gradinariu and Rivano, Hervé},
    month = {6},
    url = {http://hal.inria.fr/inria-00475921},
    address = {Belle Dune, France},
    keywords = {france}
}

@article{Doe1994,
    title = {{Cartesian closed categories and the price of eggs}},
    year = {1994},
    author = {Doe, Jane},
    number = {September},
    pages = {1--2}
}

@inproceedings{friggeri:2011:inria-00587942:1,
    title = {{Communaut{\{}{\'{e}}{\}}s : Arr{\{}{\^{e}}{\}}tons de ne compter que les ar{\{}{\^{e}}{\}}tes}},
    year = {2011},
    booktitle = {13es Rencontres Francophones sur les Aspects Algorithmiques de T{\{}{\'{e}}{\}}l{\{}{\'{e}}{\}}communications (AlgoTel)},
    author = {Friggeri, Adrien and Chelius, Guillaume and Fleury, Eric},
    editor = {Ducourthial, Bertrand and Felber, Pascal},
    month = {6},
    url = {http://hal.inria.fr/inria-00587942},
    address = {Cap Est{\{}{\'{e}}{\}}rel, France},
    keywords = {france}
}

@article{Farnqvist2012,
    title = {{Constraint optimization problems and bounded tree-width revisited}},
    year = {2012},
    journal = {{\ldots}  Programming for Combinatorial Optimzation Problems},
    author = {F{\"{a}}rnqvist, T},
    url = {http://link.springer.com/chapter/10.1007/978-3-642-29828-8{\_}11}
}

@misc{friggeri:2011:inria-00605673:1,
    title = {{Des triangles pour mesurer la coh{\{}{\'{e}}{\}}sion sociale : Fellows, une exp{\{}{\'{e}}{\}}rimentation sur Facebook}},
    year = {2011},
    author = {Friggeri, Adrien and Fleury, Eric},
    month = {6},
    url = {http://hal.inria.fr/inria-00605673},
    keywords = {france}
}

@techreport{friggeri:2011:inria-00565336:2,
    title = {{Egomunities, Exploring Socially Cohesive Person-based Communities}},
    year = {2011},
    author = {Friggeri, Adrien and Chelius, Guillaume and Fleury, Eric},
    number = {RR-7535},
    month = {2},
    url = {http://hal.inria.fr/inria-00565336},
    institution = {INRIA},
    keywords = {community detection, complex networks, data mining, modelisation, overlapping communities, real-world graphs, social networks}
}

@inproceedings{friggeri:2011:inria-00597447:1,
    title = {{Egomunities, Exploring Socially Cohesive Person-based Communities}},
    year = {2011},
    booktitle = {NetSci 2011 The International School and Conference on Network Science},
    author = {Friggeri, Adrien and Chelius, Guillaume and Fleury, Eric},
    month = {6},
    url = {http://hal.inria.fr/inria-00597447},
    address = {Budapest, Hongrie}
}

@article{Lucet:2012gl,
    title = {{Electronic Sensors for Assessing Interactions between Healthcare Workers and Patients under Airborne Precautions}},
    year = {2012},
    journal = {PLoS ONE},
    author = {Lucet, Jean-Christophe and Laouenan, Cédric and Chelius, Guillaume and Veziris, Nicolas and Lepelletier, Didier and Friggeri, Adrien and Abiteboul, Dominique and Bouvet, Elisabeth and Mentr{\'{e}}, France and Fleury, Eric},
    number = {5},
    month = {5},
    pages = {e37893},
    volume = {7}
}

@inproceedings{lucet:2010:inria-00507447:1,
    title = {{Electronic Sensors for Measuring Interactions between Healthcare Workers (HCWs) and Patients (Pts): the Case of Tuberculosis (TB)}},
    year = {2010},
    booktitle = {2010 Interscience Conference on Antimicrobial Agents and Chemotherapy},
    author = {Lucet, Jean-Christophe and Chelius, Guillaume and Laouenan, Cédric and Friggeri, Adrien and Veziris, N and Lepelletier, D and Abiteboul, D and Bouvet, Elisabeth and Fleury, Eric and Mentr{\'{e}}, France},
    month = {9},
    url = {http://hal.inria.fr/inria-00507447},
    organization = {American Society for Microbiology},
    address = {Boston, {\{}{\'{E}}{\}}tats-Unis}
}

@inproceedings{friggeri:2011:inria-00597446:1,
    title = {{Fellows: Crowd-sourcing the evaluation of an overlapping community model based on the cohesion measure}},
    year = {2011},
    booktitle = {Interdisciplinary Workshop on Information and Decision in Social Networks},
    author = {Friggeri, Adrien and Chelius, Guillaume and Fleury, Eric},
    month = {5},
    url = {http://hal.inria.fr/inria-00597446},
    address = {Cambridge, {\{}{\'{E}}{\}}tats-Unis}
}

@inproceedings{friggeri:2011:inria-00626064:1,
    title = {{Fellows: Crowd-sourcing the evaluation of an overlapping community model based on the cohesion measure}},
    year = {2011},
    booktitle = {Complex Dynamics of Human Interactions},
    author = {Friggeri, Adrien and Chelius, Guillaume and Fleury, Eric},
    month = {9},
    url = {http://hal.inria.fr/inria-00626064},
    address = {Vienna, Autriche}
}

@article{Hoffmann2001,
    title = {{FF: The fast-forward planning system}},
    year = {2001},
    journal = {AI magazine},
    author = {Hoffmann, J},
    url = {http://www.aaai.org/ojs/index.php/aimagazine/article/viewArticle/1572}
}

@techreport{friggeri:2012:hal-00692548:1,
    title = {{Finding cohesive communities with C³}},
    year = {2012},
    author = {Friggeri, Adrien and Fleury, Eric},
    number = {RR-7947},
    month = {4},
    url = {http://hal.inria.fr/hal-00692548},
    institution = {INRIA}
}

@article{Chang2010,
    title = {{GUI testing using computer vision}},
    year = {2010},
    journal = {Proceedings of the 28th international conference on Human factors in computing systems - CHI '10},
    author = {Chang, Tsung-Hsiang and Yeh, Tom and Miller, Robert C.},
    number = {Figure 1},
    pages = {1535},
    url = {http://dl.acm.org/citation.cfm?id=1753326.1753555},
    isbn = {9781605589299},
    doi = {10.1145/1753326.1753555},
    keywords = {gui automation, gui testing, test by demonstration}
}

@misc{Nystrom2013,
    title = {{Havsuttrar räddar sjögräsängar. Forskning {\&} Framsteg: Populärvetenskapligt magasin}},
    year = {2013},
    author = {Nystr{\"{o}}m, J},
    url = {http://fof.se/artikel/havsuttrar-raddar-sjograsangar}
}

@article{Saterberg2013,
    title = {{High frequency of functional extinctions in ecological networks.}},
    shorttitle = {Nature},
    year = {2013},
    journal = {Nature},
    author = {S{\"{a}}terberg, Torbjörn and Sellman, Stefan and Ebenman, Bo},
    number = {7459},
    month = {7},
    pages = {468--70},
    volume = {499},
    publisher = {Nature Publishing Group, a division of Macmillan Publishers Limited. All Rights Reserved.},
    url = {http://dx.doi.org/10.1038/nature12277},
    doi = {10.1038/nature12277},
    issn = {1476-4687},
    pmid = {23831648},
    keywords = {Animals, Biomass, Body Size, Body Weight, Conservation of Natural Resources, Conservation of Natural Resources: methods, Ecology, Ecology: methods, Extinction, Biological, Food Chain, Models, Biological, Population Density, Predatory Behavior, Predatory Behavior: physiology, Survival Analysis, Survival Rate}
}

@article{Alon2009,
    title = {{How To Choose a Good Scientific Problem}},
    year = {2009},
    journal = {Molecular Cell},
    author = {Alon, Uri},
    number = {6},
    pages = {726--728},
    volume = {35},
    issn = {10972765},
    pmid = {19782018},
    arxivId = {z0024}
}

@article{Helmert2009,
    title = {{Landmarks, critical paths and abstractions: what's the difference anyway?}},
    year = {2009},
    journal = {ICAPS},
    author = {Helmert, M and Domshlak, C},
    url = {http://citeseerx.ist.psu.edu/viewdoc/download?doi=10.1.1.150.1057{\&}rep=rep1{\&}type=pdf}
}

@article{Cooper2014,
    title = {{Management of gastrointestinal bleeding in patients with cirrhosis of the liver.}},
    year = {2014},
    author = {Cooper, B Y Paul D and Smith, Richard S},
    number = {September 2015},
    pages = {8--12},
    url = {http://surgery.ucsf.edu/conditions--procedures/cirrhosis.aspx}
}

@techreport{friggeri:2011:inria-00621065:2,
    title = {{Maximizing the Cohesion is NP-hard}},
    year = {2011},
    author = {Friggeri, Adrien and Fleury, Eric},
    number = {RR-7734},
    month = {9},
    url = {http://hal.inria.fr/inria-00621065},
    institution = {INRIA}
}

@article{Melorose2015,
    title = {{No Title No Title}},
    year = {2015},
    journal = {Statewide Agricultural Land Use Baseline 2015},
    author = {Melorose, J. and Perroy, R. and Careas, S.},
    volume = {1},
    isbn = {9788578110796},
    doi = {10.1017/CBO9781107415324.004},
    issn = {1098-6596},
    pmid = {25246403},
    arxivId = {arXiv:1011.1669v3},
    keywords = {icle}
}

@article{Backstrom2014a,
    title = {{Parameterising the Complexity of Planning by the Number of Paths in the Domain-transition Graphs}},
    year = {2014},
    journal = {Proc. 21st European Conf. Artif. Intell.(ECAI-14),  {\ldots}},
    author = {B{\"{a}}ckstr{\"{o}}m, C},
    url = {http://www.ida.liu.se/{\~{}}chrba/Papers/ecai14.pdf}
}

@book{Bishop2006,
    title = {{Pattern recognition and machine learning}},
    year = {2006},
    booktitle = {Pattern Recognition},
    author = {Bishop, Christopher M CM Christopher M.},
    editor = {Jordan, M and Kleinberg, J and Sch{\"{o}}lkopf, B},
    chapter = {Graphical},
    number = {4},
    pages = {738},
    series = {Information science and statistics},
    volume = {4},
    publisher = {Springer},
    url = {http://soic.iupui.edu/syllabi/semesters/4142/INFO{\_}B529{\_}Liu{\_}s.pdf{\textbackslash}nhttp://www.library.wisc.edu/selectedtocs/bg0137.pdf},
    isbn = {978-0387310732},
    doi = {10.1117/1.2819119},
    issn = {10179909},
    pmid = {8943268},
    arxivId = {0-387-31073-8}
}

@book{Summerfield2007,
    title = {{Rapid GUI Programming with Python and Qt: The Definitive Guide to PyQt Programming}},
    year = {2007},
    author = {Summerfield, Mark},
    url = {http://www.google.se/books?hl=sv{\&}lr={\&}id=9oRa4WJLlGkC{\&}pgis=1},
    isbn = {0132703068}
}

@article{friggeri:2011:inria-00490195:2,
    title = {{Reconstructing Social Interactions Using an unreliable Wireless Sensor Network}},
    year = {2011},
    journal = {Computer Communications},
    author = {Friggeri, Adrien and Chelius, Guillaume and Fleury, Eric and Fraboulet, Antoine and Mentr{\'{e}}, France and Lucet, Jean-Christophe},
    number = {5},
    month = {4},
    pages = {609--618},
    volume = {34},
    publisher = {Elsevier},
    url = {http://hal.inria.fr/inria-00490195},
    doi = {10.1016/j.comcom.2010.06.005},
    keywords = {complex networks; interaction networks; wireless s}
}

@article{Folke2004,
    title = {{Regime shifts, resilience, and biodiversity in ecosystem management. Annual Review of Ecology, Evolution, and Systematics}},
    year = {2004},
    journal = {Annual Review of Ecology, Evolution, and Systematics},
    author = {Folke, Carl and Carpenter, Steve and Walker, Brian and Scheffer, Marten and Elmqvist, Thomas and Gunderson, Lance and Holling, C.S.},
    number = {1},
    month = {12},
    pages = {557--581},
    volume = {35},
    publisher = {Annual Reviews},
    url = {http://www.annualreviews.org/doi/pdf/10.1146/annurev.ecolsys.35.021103.105711},
    doi = {10.1146/annurev.ecolsys.35.021103.105711},
    issn = {1543-592X},
    keywords = {alternate states, complex adaptive systems, ecosystem services, regime shifts, response diversity},
    language = {en}
}

@article{Helmert2006,
    title = {{The Fast Downward Planning System.}},
    year = {2006},
    journal = {J. Artif. Intell. Res.(JAIR)},
    author = {Helmert, M},
    url = {http://www.aaai.org/Papers/JAIR/Vol26/JAIR-2606.pdf}
}

@article{Memon2013,
    title = {{The first decade of GUI ripping: Extensions, applications, and broader impacts}},
    year = {2013},
    journal = {Proceedings - Working Conference on Reverse Engineering, WCRE},
    author = {Memon, Atif and Banerjee, Ishan and Nguyen, Bao N. and Robbins, Bryan},
    pages = {11--20},
    isbn = {9781479929313},
    doi = {10.1109/WCRE.2013.6671275},
    issn = {10951350}
}

@article{Cuhadar2011,
    title = {{The Social Psychology of Identity and Inter-group Conflict: From Theory to Practice}},
    year = {2011},
    journal = {International Studies Perspectives},
    author = {Cuhadar, Esra and Dayton, Bruce},
    number = {3},
    month = {8},
    pages = {273--293},
    volume = {12},
    url = {http://doi.wiley.com/10.1111/j.1528-3585.2011.00433.x},
    doi = {10.1111/j.1528-3585.2011.00433.x},
    issn = {15283577}
}

@article{Dechter1989,
    title = {{Tree clustering for constraint networks}},
    year = {1989},
    journal = {Artificial Intelligence},
    author = {Dechter, R and Pearl, J},
    url = {http://www.sciencedirect.com/science/article/pii/0004370289900374}
}

@article{Bodlaender2010,
    title = {{Treewidth computations I. Upper bounds}},
    year = {2010},
    journal = {Information and Computation},
    author = {Bodlaender, HL and Koster, AMCA},
    url = {http://www.sciencedirect.com/science/article/pii/S0890540109000947}
}

@techreport{friggeri:2011:inria-00608889:1,
    title = {{Triangles to Capture Social Cohesion}},
    year = {2011},
    author = {Friggeri, Adrien and Chelius, Guillaume and Fleury, Eric},
    number = {RR-7686},
    month = {7},
    url = {http://hal.inria.fr/inria-00608889},
    institution = {INRIA}
}

@inproceedings{friggeri:2011:inria-00619092:1,
    title = {{Triangles to Capture Social Cohesion}},
    year = {2011},
    booktitle = {Third IEEE International Conference on Social Computing},
    author = {Friggeri, Adrien and Chelius, Guillaume and Fleury, Eric},
    month = {9},
    url = {http://hal.inria.fr/inria-00619092},
    address = {Cambridge, {\{}{\'{E}}{\}}tats-Unis}
}

@inproceedings{friggeri:2011:inria-00630363:1,
    title = {{Trouver des communaut{\{}{\'{e}}{\}}s socialement coh{\{}{\'{e}}{\}}sives est NP-dur}},
    year = {2011},
    booktitle = {13emes journ{\{}{\'{e}}{\}}es Graphes et Algorithmes},
    author = {Friggeri, Adrien and Chelius, Guillaume and Fleury, Eric},
    month = {10},
    url = {http://hal.inria.fr/inria-00630363},
    address = {Lyon, France},
    keywords = {france}
}

@misc{Peterson2013,
    title = {{Viktiga arter kan vara funktionellt utrotade. Sveriges Radio: Vetenskap {\&} miljö}},
    year = {2013},
    author = {Peterson, O.},
    url = {http://sverigesradio.se/sida/artikel.aspx?programid=406{\&}artikel=5595388},
    keywords = {Nobelpris, Nobelpriset, Vetandets v{\"{a}}rld, Vetenskap, Vetenskapsradions veckomagasin, biologi, botanik, forskning, fysik, genetik, h{\"{a}}lsa, kemi, milj{\"{o}}, milj{\"{o}}forskning, milj{\"{o}}teknik, naturvetenskap, psykologi, rymden, teknik, veckomagsinet, vetenskapsnyheter}
}

@article{Hoffmann2005,
    title = {{Where "ignoring delete lists" works: Local search topology in planning benchmarks}},
    year = {2005},
    journal = {Journal of Artificial Intelligence Research},
    author = {Hoffmann, Jörg},
    pages = {685--758},
    volume = {24},
    url = {http://www.jair.org/papers/paper1747.html},
    doi = {10.1613/jair.1747},
    issn = {10769757}
}

@misc{10MarketWatch,
    title = {{10 jobs robots already do better than you - MarketWatch}},
    url = {http://www.marketwatch.com/story/9-jobs-robots-already-do-better-than-you-2014-01-27}
}

@misc{1980Skolan,
    title = {{1980 {\aa}rs l{\"{a}}roplan s{\"{a}}nkte den svenska skolan}},
    url = {http://www.dagenssamhalle.se/debatt/1980-ars-laeroplan-saenkte-brden-svenska-skolan-2266?vote=1{\#}roster}
}

@misc{20Man,
    title = {{20 vanligaste yrkena f{\"{o}}r m{\"{a}}n}},
    url = {http://www.scb.se/sv{\_}/Hitta-statistik/Statistik-efter-amne/Arbetsmarknad/Sysselsattning-forvarvsarbete-och-arbetstider/Yrkesregistret-med-yrkesstatistik/59064/59071/133977/},
    keywords = {20 vanligaste yrkena f{\"{o}}r m{\"{a}}n}
}

@misc{30Yrkena,
    title = {{30 st{\"{o}}rsta yrkena}},
    url = {http://www.scb.se/sv{\_}/Hitta-statistik/Statistik-efter-amne/Arbetsmarknad/Sysselsattning-forvarvsarbete-och-arbetstider/Yrkesregistret-med-yrkesstatistik/59064/59071/133973/},
    keywords = {30 st{\"{o}}rsta yrkena}
}

@misc{5Fortune,
    title = {{5 jobs that robots already are taking - Fortune}},
    url = {http://fortune.com/2015/02/25/5-jobs-that-robots-already-are-taking/},
    keywords = {artificial intelligence, job loss, jobs, robotics, technology, white collar}
}

@article{Svoboda2012AcutePatients,
    title = {{Acute upper gastrointestinal bleeding in liver cirrhosis patients}},
    year = {2012},
    journal = {Biomedical Papers},
    author = {Svoboda, Pavel and Konecny, Michal and Martinek, Arnost and Hrabovsky, Vladimir and Prochazka, Vlastimil and Ehrmann, Jiri},
    number = {3},
    month = {9},
    pages = {266--270},
    volume = {156},
    url = {http://biomed.papers.upol.cz/doi/10.5507/bp.2012.029.html},
    doi = {10.5507/bp.2012.029},
    issn = {12138118}
}

@misc{AmazonRobots,
    title = {{Amazon warehouse robots}},
    url = {https://www.youtube.com/watch?v=quWFjS3Ci7A},
    keywords = {Amazon Warehouse, Amazon.com (Venture Funded Company), Kiva Robots, Kiva Systems (Organization)}
}

@misc{BasicIndependent,
    title = {{Basic income may be needed to combat robot-induced unemployment, leading AI expert says | News | Lifestyle | The Independent}},
    url = {http://www.independent.co.uk/life-style/gadgets-and-tech/news/basic-income-artificial-intelligence-ai-robots-automation-moshe-vardi-a6884086.html},
    keywords = {Lifestyle, News, Robotics, Tech, Unemployment, artificial intelligence, universal basic income}
}

@misc{BBCMelodies,
    title = {{BBC - Future - Artificial music: The computers that create melodies}},
    url = {http://www.bbc.com/future/story/20140808-music-like-never-heard-before},
    keywords = {STORY, artificialintelligence, computer, humancomputerinteraction, in-depth, innovation, story, video}
}

@misc{BeverlyCars,
    title = {{Beverly Hills to replace public transport with driverless cars}},
    url = {http://www.dezeen.com/2016/04/19/beverly-hills-replace-public-transport-driverless-cars-los-angeles/}
}

@article{Loh2011ClassificationTrees,
    title = {{Classification and regression trees}},
    year = {2011},
    journal = {Wiley Interdisciplinary Reviews: Data Mining and Knowledge Discovery},
    author = {Loh, Wei-Yin},
    number = {1},
    month = {1},
    pages = {14--23},
    volume = {1},
    publisher = {John Wiley {\&} Sons, Inc.},
    url = {http://doi.wiley.com/10.1002/widm.8},
    doi = {10.1002/widm.8},
    issn = {19424787}
}

@misc{ComputerArt,
    title = {{Computer Science for Fun - cs4fn: Aaron and the art of art}},
    url = {http://www.cs4fn.org/art/aaronandtheartofart.php}
}

@misc{CreativePainters,
    title = {{Creative AI: The robots that would be painters}},
    url = {http://www.gizmag.com/creative-ai-algorithmic-art-painting-fool-aaron/36106/},
    keywords = {Algorithms, Art, Artificial Intelligence, Creative, Creative AI, Paint, Robots}
}

@misc{EmbedingPyQtTutorialWiki,
    title = {{EmbedingPyQtTutorial - Python Wiki}},
    url = {https://wiki.python.org/moin/EmbedingPyQtTutorial}
}

@misc{ExpertsImmune,
    title = {{Experts predict robots will take over 30{\%} of our jobs by 2025 — and white-collar jobs aren't immune}},
    url = {http://uk.businessinsider.com/experts-predict-that-one-third-of-jobs-will-be-replaced-by-robots-2015-5?r=US{\&}IR=T}
}

@misc{FlerRadio,
    title = {{Fler unga studerar p{\aa} h{\"{o}}gskolan - Radio Sweden p{\aa} svenska | Sveriges Radio}},
    url = {http://sverigesradio.se/sida/artikel.aspx?programid=3993{\&}artikel=5269538},
    keywords = {aktualiteter, nyheter}
}

@misc{2014FunctionalExtinction,
    title = {{Functional extinction}},
    year = {2014},
    booktitle = {Scientific Facts on Biodiversity},
    publisher = {Wikipedia},
    url = {http://en.wikipedia.org/wiki/Functional{\_}extinction}
}

@misc{HogArv,
    title = {{H{\"{o}}g utbildning g{\aa}r i arv}},
    url = {http://www.scb.se/sv{\_}/Hitta-statistik/Artiklar/Hog-utbildning-gar-i-arv/},
    keywords = {Familjer, H{\"{o}}g utbildning g{\aa}r i arv, Utbildning}
}

@article{Quinlan1986InductionTrees,
    title = {{Induction of Decision Trees}},
    year = {1986},
    journal = {Machine Learning},
    author = {Quinlan, J R},
    pages = {81--106},
    volume = {1},
    keywords = {classification, decision trees, expert systems, induction, information theory, knowledge acquisition}
}

@article{2015InstitutionenBy,
    title = {{Institutionen fdatavetenskap Implementation and testing of a fpt algorithm for computing the {\^{}} + heuristic by}},
    year = {2015},
    pages = {1--25}
}

@misc{IntelligentNews,
    title = {{Intelligent Machines: AI art is taking on the experts - BBC News}},
    url = {http://www.bbc.com/news/technology-33677271}
}

@misc{IntelligentNewsb,
    title = {{Intelligent Machines: The jobs robots will steal first - BBC News}},
    url = {http://www.bbc.com/news/technology-33327659}
}

@misc{Intotographtheory,
    title = {{Intotographtheory}}
}

@misc{Intotographtheoryb,
    title = {{Intotographtheory}}
}

@misc{MaliNE,
    title = {{Mali - Uppslagsverk - NE}},
    url = {http://www.ne.se/uppslagsverk/encyklopedi/l{\%}c3{\%}a5ng/mali}
}

@article{Bosch2004ManagementLiver.,
    title = {{Management of gastrointestinal bleeding in patients with cirrhosis of the liver.}},
    year = {2004},
    journal = {Seminars in hematology},
    author = {Bosch, Jaime and Abraldes, Juan G},
    number = {1 Suppl 1},
    month = {1},
    pages = {8--12},
    volume = {41},
    url = {http://www.ncbi.nlm.nih.gov/pubmed/14872414},
    issn = {0037-1963},
    pmid = {14872414}
}

@article{Feelders2000MethodologicalMining,
    title = {{Methodological and practical aspects of data mining}},
    year = {2000},
    journal = {Information {\&} Management},
    author = {Feelders, A and Daniels, H and Holsheimer, M},
    number = {5},
    pages = {271--281},
    volume = {37},
    doi = {10.1016/S0378-7206(99)00051-8},
    issn = {03787206}
}

@article{2015NiclasJonsson,
    title = {{Niclas Jonsson}},
    year = {2015},
    pages = {2014}
}

@misc{NineStone,
    title = {{Nine Ways Musicians Actually Make Money Today - Nine Ways Musicians Actually Make Money Today | Rolling Stone}},
    url = {http://www.rollingstone.com/music/lists/9-ways-musicians-actually-make-money-today-20120828}
}

@article{NoTitle,
    title = {{No Title}},
    pages = {49513}
}

@misc{OnProject,
    title = {{On the road – Google Self-Driving Car Project}},
    url = {https://www.google.com/selfdrivingcar/where/}
}

@misc{Qtsoftware,
    title = {{Qt (software)}},
    url = {http://en.wikipedia.org/wiki/Qt{\_}{\%}28software{\%}29}
}

@misc{QTest5.4,
    title = {{QTest Namespace | Qt Test 5.4}},
    url = {http://doc.qt.io/qt-5/qtest.html{\#}mouseClick}
}

@article{StudierRedovisningUtlandsstudier,
    title = {{Redovisning av kurser fr{\aa}n utlandsstudier}},
    author = {Studier, Erasmus and Egen, Europa Ii-plats},
    number = {2},
    pages = {1--2},
    volume = {1}
}

@article{StudierRedovisningUtlandsstudierb,
    title = {{Redovisning av kurser fr{\aa}n utlandsstudier}},
    author = {Studier, Erasmus and Egen, Europa Ii-plats},
    number = {2},
    pages = {1--2},
    volume = {1}
}

@article{StudierRedovisningUtlandsstudierc,
    title = {{Redovisning av kurser fr{\aa}n utlandsstudier}},
    author = {Studier, Erasmus and Egen, Europa Ii-plats},
    number = {2},
    pages = {1--2},
    volume = {1}
}

@misc{RiseGeekWire,
    title = {{Rise of the robots at Amazon? John Markoff's new book foresees fully automated fulfillment centers - GeekWire}},
    url = {http://www.geekwire.com/2015/rise-of-the-robots-at-amazon-john-markoffs-new-book-foresees-fully-automated-fulfillment-centers/}
}

@misc{SignalsProject,
    title = {{Signals {\&} Slots | Documentation | Qt Project}},
    url = {http://qt-project.org/doc/qt-4.8/signalsandslots.html},
    keywords = {cross-platform, documentation, embedded, example, forum, getting started, howto, linux, mac os, mobile, mobility api, pyside, qmake, qml, qt creator, qt project, qt quick, qt webkit, tutorial, wiki, windows}
}

@misc{Signals_and_Slots_in_PySideProject,
    title = {{Signals{\_}and{\_}Slots{\_}in{\_}PySide | Qt Wiki | Qt Project}},
    url = {http://qt-project.org/wiki/Signals{\_}and{\_}Slots{\_}in{\_}PySide},
    keywords = {cross-platform, documentation, embedded, example, forum, getting started, howto, linux, mac os, mobile, mobility api, pyside, qmake, qml, qt creator, qt project, qt quick, qt webkit, tutorial, wiki, windows}
}

@misc{SmartNewsHour,
    title = {{Smart robots will take over a third of jobs by 2025, Gartner says | PBS NewsHour}},
    url = {http://www.pbs.org/newshour/rundown/smart-robots-will-take-third-jobs-2025-gartner-says/}
}

@misc{TheSchool,
    title = {{The Future of Employment: How susceptible are jobs to computerisation? | Publications | Oxford Martin School}},
    url = {http://www.oxfordmartin.ox.ac.uk/publications/view/1314}
}

@article{Odelowo2002UpperCirrhosis.,
    title = {{Upper gastrointestinal bleeding in patients with liver cirrhosis.}},
    year = {2002},
    journal = {Journal of the National Medical Association},
    author = {Odelowo, Olajide O and Smoot, Duane T and Kim, Kyungsook},
    number = {8},
    month = {8},
    pages = {712--5},
    volume = {94},
    publisher = {National Medical Association},
    url = {http://www.ncbi.nlm.nih.gov/pubmed/12152928 http://www.pubmedcentral.nih.gov/articlerender.fcgi?artid=PMC2594284},
    issn = {1943-4693},
    pmid = {12152928}
}

@misc{VetenskapsteoriBokhandel,
    title = {{Vetenskapsteori f{\"{o}}r nyb{\"{o}}rjare - Torsten Thur{\'{e}}n - Bok (9789147086511) | Bokus bokhandel}},
    url = {http://www.bokus.com/bok/9789147086511/vetenskapsteori-for-nyborjare/}
}

@misc{WhatAutomation,
    title = {{What is Industrial Automation?}},
    url = {http://www.surecontrols.com/what-is-industrial-automation/},
    keywords = {Sure Controls, Inc.}
}